<record><leader>00000cas a22000007a 4500</leader><controlfield tag="001">13691300</controlfield><controlfield tag="008">860605d185u185utnuwr ne      0    0eng d</controlfield><datafield ind1=" " ind2=" " tag="010"><subfield code="a">sn 86053454 </subfield></datafield><datafield ind1=" " ind2=" " tag="040"><subfield code="a">NPX</subfield><subfield code="b">eng</subfield><subfield code="c">NPX</subfield><subfield code="d">TGN</subfield><subfield code="d">OCLCQ</subfield><subfield code="d">OCLCF</subfield><subfield code="d">OCLCO</subfield></datafield><datafield ind1=" " ind2=" " tag="042"><subfield code="a">msc</subfield></datafield><datafield ind1=" " ind2=" " tag="043"><subfield code="a">n-us-tn</subfield></datafield><datafield ind1="0" ind2="4" tag="245"><subfield code="a">The Dollar plebeian.</subfield></datafield><datafield ind1="3" ind2="0" tag="246"><subfield code="a">Plebeian</subfield></datafield><datafield ind1="1" ind2="7" tag="246"><subfield code="a">Helms' poor man's paper - the Knoxville plebeian</subfield></datafield><datafield ind1="1" ind2="3" tag="246"><subfield code="a">Knoxville plebeian</subfield></datafield><datafield ind1="1" ind2="3" tag="246"><subfield code="a">Sabbath-day plebeian</subfield></datafield><datafield ind1=" " ind2=" " tag="260"><subfield code="a">Knoxville, Tenn. :</subfield><subfield code="b">W.T. Helms &amp; Co.</subfield></datafield><datafield ind1=" " ind2=" " tag="300"><subfield code="a">v.</subfield></datafield><datafield ind1=" " ind2=" " tag="310"><subfield code="a">Weekly</subfield></datafield><datafield ind1=" " ind2=" " tag="500"><subfield code="a">Democratic. Cf. Heart of the Valley : a hist. of Knoxville, Tenn.</subfield></datafield><datafield ind1=" " ind2=" " tag="500"><subfield code="a">Editor: W.T. Helms, &lt;1851&gt;.</subfield></datafield><datafield ind1=" " ind2=" " tag="588"><subfield code="a">Description based on: Vol. 2, no. 15 (Apr. 19, 1851) = whole no. 65.</subfield></datafield><datafield ind1=" " ind2="0" tag="651"><subfield code="a">Knoxville (Tenn.)</subfield><subfield code="v">Newspapers.</subfield></datafield><datafield ind1=" " ind2="0" tag="651"><subfield code="a">Knox County (Tenn.)</subfield><subfield code="v">Newspapers.</subfield></datafield><datafield ind1=" " ind2="7" tag="655"><subfield code="a">Newspapers.</subfield><subfield code="2">fast</subfield><subfield code="0">(OCoLC)fst01423814</subfield></datafield><datafield ind1=" " ind2="7" tag="651"><subfield code="a">Tennessee</subfield><subfield code="z">Knox County.</subfield><subfield code="2">fast</subfield><subfield code="0">(OCoLC)fst01215247</subfield></datafield><datafield ind1=" " ind2="7" tag="651"><subfield code="a">Tennessee</subfield><subfield code="z">Knoxville.</subfield><subfield code="2">fast</subfield><subfield code="0">(OCoLC)fst01206442</subfield></datafield><datafield ind1=" " ind2=" " tag="752"><subfield code="a">United States</subfield><subfield code="b">Tennessee</subfield><subfield code="c">Knox</subfield><subfield code="d">Knoxville.</subfield></datafield><datafield ind1="0" ind2="0" tag="780"><subfield code="t">Plebeian (Knoxville, Tenn.)</subfield><subfield code="w">(DLC)sn 86053453</subfield></datafield><datafield ind1="0" ind2="0" tag="785"><subfield code="t">Knoxville plebeian</subfield><subfield code="w">(DLC)sn 86053455</subfield></datafield></record>